Trade_Time,Price_USD,Volume_BTC,Symbol
2025-09-30 21:37:28.999,114383.6,1.383,BTCUSDT
2025-09-30 21:37:29.041,114383.6,0.171,BTCUSDT
2025-09-30 21:37:29.041,114383.6,0.057,BTCUSDT
2025-09-30 21:37:29.041,114383.6,0.032,BTCUSDT
2025-09-30 21:37:29.041,114383.6,0.026,BTCUSDT
2025-09-30 21:37:29.042,114383.6,0.017,BTCUSDT
2025-09-30 21:37:29.042,114383.6,0.001,BTCUSDT
2025-09-30 21:37:29.042,114383.6,0.98,BTCUSDT
2025-09-30 21:37:29.042,114383.6,0.002,BTCUSDT
2025-09-30 21:37:29.042,114383.6,0.046,BTCUSDT
2025-09-30 21:37:29.042,114383.6,0.014,BTCUSDT
2025-09-30 21:37:29.042,114383.6,0.063,BTCUSDT
2025-09-30 21:37:29.042,114383.6,0.009,BTCUSDT
2025-09-30 21:37:29.042,114383.6,0.009,BTCUSDT
2025-09-30 21:37:29.042,114383.6,0.002,BTCUSDT
2025-09-30 21:37:29.042,114383.6,0.006,BTCUSDT
2025-09-30 21:37:29.042,114383.6,0.006,BTCUSDT
2025-09-30 21:37:29.042,114383.6,0.002,BTCUSDT
2025-09-30 21:37:29.042,114383.6,0.001,BTCUSDT
2025-09-30 21:37:29.043,114383.6,0.008,BTCUSDT
2025-09-30 21:37:29.043,114383.6,0.004,BTCUSDT
2025-09-30 21:37:29.043,114383.6,0.057,BTCUSDT
2025-09-30 21:37:29.043,114383.6,0.004,BTCUSDT
2025-09-30 21:37:29.043,114383.6,0.006,BTCUSDT
2025-09-30 21:37:29.043,114383.6,0.022,BTCUSDT
2025-09-30 21:37:29.076,114383.6,0.073,BTCUSDT
2025-09-30 21:37:29.076,114383.6,0.006,BTCUSDT
2025-09-30 21:37:29.076,114383.6,0.001,BTCUSDT
2025-09-30 21:37:29.076,114383.6,0.006,BTCUSDT
2025-09-30 21:37:29.076,114383.6,0.006,BTCUSDT
2025-09-30 21:37:29.076,114383.6,0.001,BTCUSDT
2025-09-30 21:37:29.076,114383.6,0.001,BTCUSDT
2025-09-30 21:37:29.076,114383.5,0.002,BTCUSDT
2025-09-30 21:37:29.076,114383.5,0.001,BTCUSDT
2025-09-30 21:37:29.076,114383.5,0.017,BTCUSDT
2025-09-30 21:37:29.077,114383.5,0.013,BTCUSDT
2025-09-30 21:37:29.077,114383.5,0.003,BTCUSDT
2025-09-30 21:37:29.077,114383.2,0.002,BTCUSDT
2025-09-30 21:37:29.077,114383.2,0.05,BTCUSDT
2025-09-30 21:37:29.077,114383.1,0.002,BTCUSDT
2025-09-30 21:37:29.077,114382.6,0.002,BTCUSDT
2025-09-30 21:37:29.077,114382.4,0.042,BTCUSDT
2025-09-30 21:37:29.077,114382.4,0.007,BTCUSDT
2025-09-30 21:37:29.077,114382.4,0.001,BTCUSDT
2025-09-30 21:37:29.077,114382.1,0.003,BTCUSDT
2025-09-30 21:37:29.077,114381.9,0.002,BTCUSDT
2025-09-30 21:37:29.077,114381.9,0.001,BTCUSDT
2025-09-30 21:37:29.077,114381.9,0.002,BTCUSDT
2025-09-30 21:37:29.077,114381.5,0.058,BTCUSDT
2025-09-30 21:37:29.077,114381.4,0.025,BTCUSDT
2025-09-30 21:37:29.077,114381.3,0.001,BTCUSDT
2025-09-30 21:37:29.077,114381.2,1.232,BTCUSDT
2025-09-30 21:37:29.081,114381.2,0.097,BTCUSDT
2025-09-30 21:37:29.082,114381.2,0.094,BTCUSDT
2025-09-30 21:37:29.082,114381.2,0.028,BTCUSDT
2025-09-30 21:37:29.082,114381.2,0.056,BTCUSDT
2025-09-30 21:37:29.083,114381.2,0.068,BTCUSDT
2025-09-30 21:37:29.083,114381.2,0.254,BTCUSDT
2025-09-30 21:37:29.083,114381.2,0.318,BTCUSDT
2025-09-30 21:37:29.083,114381.2,0.053,BTCUSDT
2025-09-30 21:37:29.083,114380.9,0.06,BTCUSDT
2025-09-30 21:37:29.083,114380.9,0.128,BTCUSDT
2025-09-30 21:37:29.083,114380.8,0.002,BTCUSDT
2025-09-30 21:37:29.083,114380.8,0.001,BTCUSDT
2025-09-30 21:37:29.083,114380.7,0.958,BTCUSDT
2025-09-30 21:37:29.083,114380.5,0.001,BTCUSDT
2025-09-30 21:37:29.083,114380.2,0.002,BTCUSDT
2025-09-30 21:37:29.083,114380.0,0.001,BTCUSDT
2025-09-30 21:37:29.083,114380.0,0.002,BTCUSDT
2025-09-30 21:37:29.083,114379.9,0.018,BTCUSDT
2025-09-30 21:37:29.083,114379.8,0.001,BTCUSDT
2025-09-30 21:37:29.083,114379.6,0.002,BTCUSDT
2025-09-30 21:37:29.083,114379.4,0.001,BTCUSDT
2025-09-30 21:37:29.083,114379.0,0.002,BTCUSDT
2025-09-30 21:37:29.083,114378.6,0.002,BTCUSDT
2025-09-30 21:37:29.083,114378.4,0.002,BTCUSDT
2025-09-30 21:37:29.083,114377.9,0.06,BTCUSDT
2025-09-30 21:37:29.083,114377.9,0.009,BTCUSDT
2025-09-30 21:37:29.083,114377.8,0.002,BTCUSDT
2025-09-30 21:37:29.083,114377.3,0.182,BTCUSDT
2025-09-30 21:37:29.083,114377.1,0.001,BTCUSDT
2025-09-30 21:37:29.083,114377.1,0.002,BTCUSDT
2025-09-30 21:37:29.083,114377.1,0.001,BTCUSDT
2025-09-30 21:37:29.084,114376.2,0.001,BTCUSDT
2025-09-30 21:37:29.084,114376.2,0.001,BTCUSDT
2025-09-30 21:37:29.084,114376.2,0.002,BTCUSDT
2025-09-30 21:37:29.084,114376.1,0.002,BTCUSDT
2025-09-30 21:37:29.084,114376.0,0.001,BTCUSDT
2025-09-30 21:37:29.084,114375.9,0.213,BTCUSDT
2025-09-30 21:37:29.084,114375.7,0.016,BTCUSDT
2025-09-30 21:37:29.084,114375.6,0.066,BTCUSDT
2025-09-30 21:37:29.084,114375.5,0.002,BTCUSDT
2025-09-30 21:37:29.086,114375.2,0.001,BTCUSDT
2025-09-30 21:37:29.087,114375.0,0.002,BTCUSDT
2025-09-30 21:37:29.112,114374.9,0.002,BTCUSDT
2025-09-30 21:37:29.112,114374.9,0.001,BTCUSDT
2025-09-30 21:37:29.112,114374.9,0.001,BTCUSDT
2025-09-30 21:37:29.112,114374.9,0.001,BTCUSDT
2025-09-30 21:37:29.112,114374.7,0.043,BTCUSDT
2025-09-30 21:37:29.112,114374.1,0.002,BTCUSDT
2025-09-30 21:37:29.112,114374.1,0.003,BTCUSDT
2025-09-30 21:37:29.112,114374.0,0.006,BTCUSDT
2025-09-30 21:37:29.125,114373.8,0.007,BTCUSDT
2025-09-30 21:37:29.125,114373.8,0.092,BTCUSDT
2025-09-30 21:37:29.127,114373.8,0.15,BTCUSDT
2025-09-30 21:37:29.127,114373.8,0.001,BTCUSDT
2025-09-30 21:37:29.127,114373.7,0.001,BTCUSDT
2025-09-30 21:37:29.127,114373.7,0.001,BTCUSDT
2025-09-30 21:37:29.127,114373.5,0.002,BTCUSDT
2025-09-30 21:37:29.127,114373.4,0.06,BTCUSDT
2025-09-30 21:37:29.127,114372.8,0.002,BTCUSDT
2025-09-30 21:37:29.127,114372.8,0.001,BTCUSDT
2025-09-30 21:37:29.127,114372.6,0.001,BTCUSDT
2025-09-30 21:37:29.127,114372.6,0.006,BTCUSDT
2025-09-30 21:37:29.127,114372.3,0.002,BTCUSDT
2025-09-30 21:37:29.127,114372.2,0.002,BTCUSDT
2025-09-30 21:37:29.127,114372.2,0.298,BTCUSDT
2025-09-30 21:37:29.148,114372.3,0.077,BTCUSDT
2025-09-30 21:37:29.151,114372.2,0.007,BTCUSDT
2025-09-30 21:37:29.151,114372.2,0.011,BTCUSDT
2025-09-30 21:37:29.151,114372.2,0.011,BTCUSDT
2025-09-30 21:37:29.152,114372.2,0.011,BTCUSDT
2025-09-30 21:37:29.155,114372.2,0.003,BTCUSDT
2025-09-30 21:37:29.155,114372.2,0.005,BTCUSDT
2025-09-30 21:37:29.155,114372.2,0.008,BTCUSDT
2025-09-30 21:37:29.160,114372.3,0.03,BTCUSDT
2025-09-30 21:37:29.384,114372.3,0.087,BTCUSDT
2025-09-30 21:37:29.586,114372.2,0.001,BTCUSDT
2025-09-30 21:37:29.663,114372.3,0.002,BTCUSDT
2025-09-30 21:37:29.686,114372.3,0.099,BTCUSDT
2025-09-30 21:37:29.743,114372.2,0.01,BTCUSDT
2025-09-30 21:37:29.743,114372.2,0.002,BTCUSDT
2025-09-30 21:37:29.849,114372.2,0.012,BTCUSDT
2025-09-30 21:37:29.955,114372.3,0.002,BTCUSDT
2025-09-30 21:37:30.022,114372.2,0.038,BTCUSDT
2025-09-30 21:37:30.067,114372.3,0.01,BTCUSDT
2025-09-30 21:37:30.137,114372.3,0.077,BTCUSDT
2025-09-30 21:37:30.277,114372.3,0.021,BTCUSDT
2025-09-30 21:37:30.288,114372.2,0.02,BTCUSDT
2025-09-30 21:37:30.350,114372.2,0.102,BTCUSDT
2025-09-30 21:37:30.350,114372.2,0.091,BTCUSDT
2025-09-30 21:37:30.882,114372.2,0.01,BTCUSDT
2025-09-30 21:37:30.890,114372.3,0.051,BTCUSDT
2025-09-30 21:37:31.063,114372.3,0.077,BTCUSDT
2025-09-30 21:37:31.217,114372.3,0.001,BTCUSDT
2025-09-30 21:37:31.410,114372.2,0.003,BTCUSDT
2025-09-30 21:37:31.581,114372.2,0.002,BTCUSDT
2025-09-30 21:37:31.722,114372.3,0.011,BTCUSDT
2025-09-30 21:37:32.148,114372.3,0.076,BTCUSDT
2025-09-30 21:37:32.172,114372.2,0.001,BTCUSDT
2025-09-30 21:37:32.363,114372.3,0.004,BTCUSDT
2025-09-30 21:37:32.466,114372.3,0.003,BTCUSDT
2025-09-30 21:37:32.641,114372.3,0.009,BTCUSDT
2025-09-30 21:37:33.036,114372.2,0.242,BTCUSDT
2025-09-30 21:37:33.036,114372.2,0.174,BTCUSDT
2025-09-30 21:37:33.036,114372.2,0.055,BTCUSDT
2025-09-30 21:37:33.119,114372.3,0.076,BTCUSDT
2025-09-30 21:37:33.789,114372.3,0.1,BTCUSDT
2025-09-30 21:37:34.034,114372.3,0.019,BTCUSDT
2025-09-30 21:37:34.079,114372.2,0.004,BTCUSDT
2025-09-30 21:37:34.293,114372.3,0.076,BTCUSDT
2025-09-30 21:37:34.307,114372.3,0.032,BTCUSDT
2025-09-30 21:37:34.307,114372.3,0.5,BTCUSDT
2025-09-30 21:37:34.307,114372.3,0.931,BTCUSDT
2025-09-30 21:37:34.307,114372.3,0.604,BTCUSDT
2025-09-30 21:37:34.750,114372.2,0.019,BTCUSDT
2025-09-30 21:37:34.885,114372.2,0.001,BTCUSDT
2025-09-30 21:37:34.901,114372.3,0.003,BTCUSDT
2025-09-30 21:37:34.960,114372.3,0.001,BTCUSDT
2025-09-30 21:37:35.214,114372.2,0.001,BTCUSDT
2025-09-30 21:37:35.357,114372.3,0.076,BTCUSDT
2025-09-30 21:37:35.506,114372.3,0.002,BTCUSDT
2025-09-30 21:37:35.510,114372.2,0.094,BTCUSDT
2025-09-30 21:37:35.510,114372.2,0.039,BTCUSDT
2025-09-30 21:37:35.510,114372.2,0.043,BTCUSDT
2025-09-30 21:37:35.510,114372.2,0.172,BTCUSDT
2025-09-30 21:37:35.510,114372.2,0.001,BTCUSDT
2025-09-30 21:37:35.510,114372.2,0.002,BTCUSDT
2025-09-30 21:37:35.510,114372.2,0.077,BTCUSDT
2025-09-30 21:37:35.510,114372.2,0.001,BTCUSDT
2025-09-30 21:37:35.510,114372.2,0.017,BTCUSDT
2025-09-30 21:37:35.510,114372.2,0.436,BTCUSDT
2025-09-30 21:37:35.510,114372.2,0.001,BTCUSDT
2025-09-30 21:37:35.510,114372.2,0.001,BTCUSDT
2025-09-30 21:37:35.510,114372.2,1.962,BTCUSDT
2025-09-30 21:37:35.510,114372.2,0.069,BTCUSDT
2025-09-30 21:37:35.510,114372.2,0.004,BTCUSDT
2025-09-30 21:37:35.510,114372.2,0.001,BTCUSDT
2025-09-30 21:37:35.510,114372.2,0.004,BTCUSDT
2025-09-30 21:37:35.510,114372.2,0.008,BTCUSDT
2025-09-30 21:37:35.510,114372.2,0.001,BTCUSDT
2025-09-30 21:37:35.510,114372.2,0.033,BTCUSDT
2025-09-30 21:37:35.510,114372.2,0.058,BTCUSDT
2025-09-30 21:37:35.510,114372.2,0.072,BTCUSDT
2025-09-30 21:37:35.510,114372.2,0.174,BTCUSDT
2025-09-30 21:37:35.510,114372.2,0.161,BTCUSDT
2025-09-30 21:37:35.510,114372.2,0.006,BTCUSDT
2025-09-30 21:37:35.510,114372.2,0.004,BTCUSDT
2025-09-30 21:37:35.510,114372.2,0.028,BTCUSDT
2025-09-30 21:37:35.510,114372.2,0.349,BTCUSDT
2025-09-30 21:37:35.510,114372.2,0.004,BTCUSDT
2025-09-30 21:37:35.510,114372.2,0.002,BTCUSDT
2025-09-30 21:37:35.510,114372.2,0.006,BTCUSDT
2025-09-30 21:37:35.510,114372.2,0.003,BTCUSDT
2025-09-30 21:37:35.510,114372.2,0.04,BTCUSDT
2025-09-30 21:37:35.510,114372.2,0.13,BTCUSDT
2025-09-30 21:37:35.510,114372.2,0.006,BTCUSDT
2025-09-30 21:37:35.510,114372.2,0.006,BTCUSDT
2025-09-30 21:37:35.510,114372.2,0.006,BTCUSDT
2025-09-30 21:37:35.510,114372.2,0.065,BTCUSDT
2025-09-30 21:37:35.510,114372.2,0.065,BTCUSDT
2025-09-30 21:37:35.510,114372.2,0.043,BTCUSDT
2025-09-30 21:37:35.510,114372.2,0.044,BTCUSDT
2025-09-30 21:37:35.513,114372.2,0.043,BTCUSDT
2025-09-30 21:37:35.513,114372.2,0.006,BTCUSDT
2025-09-30 21:37:35.513,114372.2,0.004,BTCUSDT
2025-09-30 21:37:35.513,114372.2,0.002,BTCUSDT
2025-09-30 21:37:35.513,114372.2,0.001,BTCUSDT
2025-09-30 21:37:35.513,114372.2,0.04,BTCUSDT
2025-09-30 21:37:35.515,114372.2,0.02,BTCUSDT
2025-09-30 21:37:35.515,114372.2,0.02,BTCUSDT
2025-09-30 21:37:35.747,114372.2,0.14,BTCUSDT
2025-09-30 21:37:35.760,114372.2,0.003,BTCUSDT
2025-09-30 21:37:35.805,114372.2,0.005,BTCUSDT
2025-09-30 21:37:35.910,114372.3,0.033,BTCUSDT
2025-09-30 21:37:36.204,114372.2,0.109,BTCUSDT
2025-09-30 21:37:36.204,114372.2,0.295,BTCUSDT
2025-09-30 21:37:36.204,114372.2,0.241,BTCUSDT
2025-09-30 21:37:36.362,114372.3,0.076,BTCUSDT
2025-09-30 21:37:36.571,114372.3,0.07,BTCUSDT
2025-09-30 21:37:36.895,114372.3,0.274,BTCUSDT
2025-09-30 21:37:36.895,114372.3,0.001,BTCUSDT
2025-09-30 21:37:36.895,114372.3,0.045,BTCUSDT
2025-09-30 21:37:36.895,114372.3,0.218,BTCUSDT
2025-09-30 21:37:36.895,114372.3,0.009,BTCUSDT
2025-09-30 21:37:36.895,114372.3,0.173,BTCUSDT
2025-09-30 21:37:36.895,114372.3,0.003,BTCUSDT
2025-09-30 21:37:36.895,114372.3,0.571,BTCUSDT
2025-09-30 21:37:36.895,114372.3,0.01,BTCUSDT
2025-09-30 21:37:36.895,114372.3,0.002,BTCUSDT
2025-09-30 21:37:36.895,114372.3,0.048,BTCUSDT
2025-09-30 21:37:36.895,114372.3,0.024,BTCUSDT
2025-09-30 21:37:36.895,114372.3,0.005,BTCUSDT
2025-09-30 21:37:36.895,114372.3,0.001,BTCUSDT
2025-09-30 21:37:36.895,114372.3,0.001,BTCUSDT
2025-09-30 21:37:36.895,114372.3,0.013,BTCUSDT
2025-09-30 21:37:36.895,114372.3,0.021,BTCUSDT
2025-09-30 21:37:36.895,114372.3,0.055,BTCUSDT
2025-09-30 21:37:36.895,114372.3,0.279,BTCUSDT
2025-09-30 21:37:36.895,114372.3,0.002,BTCUSDT
2025-09-30 21:37:36.895,114372.3,0.002,BTCUSDT
2025-09-30 21:37:36.899,114372.4,0.001,BTCUSDT
2025-09-30 21:37:36.899,114372.4,0.002,BTCUSDT
2025-09-30 21:37:36.899,114372.6,0.002,BTCUSDT
2025-09-30 21:37:36.899,114373.3,0.002,BTCUSDT
2025-09-30 21:37:36.899,114374.1,0.002,BTCUSDT
2025-09-30 21:37:36.899,114375.0,0.002,BTCUSDT
2025-09-30 21:37:36.899,114375.0,0.001,BTCUSDT
2025-09-30 21:37:36.899,114375.6,0.002,BTCUSDT
2025-09-30 21:37:36.899,114375.9,0.001,BTCUSDT
2025-09-30 21:37:36.899,114376.2,0.001,BTCUSDT
2025-09-30 21:37:36.899,114376.4,0.001,BTCUSDT
2025-09-30 21:37:36.899,114376.5,0.001,BTCUSDT
2025-09-30 21:37:36.899,114376.6,0.002,BTCUSDT
2025-09-30 21:37:36.899,114377.1,0.001,BTCUSDT
2025-09-30 21:37:36.899,114377.2,0.002,BTCUSDT
2025-09-30 21:37:36.912,114378.1,0.002,BTCUSDT
2025-09-30 21:37:36.912,114378.1,0.009,BTCUSDT
2025-09-30 21:37:36.912,114378.1,0.003,BTCUSDT
2025-09-30 21:37:36.957,114378.0,0.003,BTCUSDT
2025-09-30 21:37:36.974,114378.1,0.019,BTCUSDT
2025-09-30 21:37:37.086,114378.1,0.001,BTCUSDT
2025-09-30 21:37:37.378,114378.1,0.075,BTCUSDT
2025-09-30 21:37:37.438,114378.1,0.001,BTCUSDT
2025-09-30 21:37:37.438,114378.1,0.003,BTCUSDT
2025-09-30 21:37:37.438,114378.1,0.174,BTCUSDT
2025-09-30 21:37:37.438,114378.1,0.001,BTCUSDT
2025-09-30 21:37:37.438,114378.1,0.074,BTCUSDT
2025-09-30 21:37:37.438,114378.1,0.002,BTCUSDT
2025-09-30 21:37:37.438,114378.1,0.002,BTCUSDT
2025-09-30 21:37:37.438,114378.1,0.176,BTCUSDT
2025-09-30 21:37:37.506,114378.0,0.001,BTCUSDT
2025-09-30 21:37:37.558,114378.1,0.001,BTCUSDT
2025-09-30 21:37:37.682,114378.1,0.001,BTCUSDT
2025-09-30 21:37:37.682,114378.1,0.001,BTCUSDT
2025-09-30 21:37:37.682,114378.1,0.047,BTCUSDT
2025-09-30 21:37:37.685,114378.1,0.011,BTCUSDT
2025-09-30 21:37:37.685,114378.1,0.015,BTCUSDT
2025-09-30 21:37:37.685,114378.1,0.002,BTCUSDT
2025-09-30 21:37:37.685,114378.1,0.002,BTCUSDT
2025-09-30 21:37:37.685,114378.1,0.001,BTCUSDT
2025-09-30 21:37:37.685,114378.2,0.001,BTCUSDT
2025-09-30 21:37:37.685,114378.2,0.001,BTCUSDT
2025-09-30 21:37:37.685,114378.7,0.002,BTCUSDT
2025-09-30 21:37:37.685,114379.4,0.001,BTCUSDT
2025-09-30 21:37:37.685,114379.4,0.001,BTCUSDT
2025-09-30 21:37:37.685,114379.5,0.002,BTCUSDT
2025-09-30 21:37:37.685,114380.0,0.001,BTCUSDT
2025-09-30 21:37:37.685,114380.3,0.002,BTCUSDT
2025-09-30 21:37:37.688,114380.5,0.001,BTCUSDT
2025-09-30 21:37:37.688,114380.5,0.062,BTCUSDT
2025-09-30 21:37:37.688,114380.5,0.001,BTCUSDT
2025-09-30 21:37:37.688,114380.5,0.002,BTCUSDT
2025-09-30 21:37:37.888,114380.4,0.005,BTCUSDT
2025-09-30 21:37:38.085,114380.4,0.002,BTCUSDT
2025-09-30 21:37:38.101,114380.4,0.001,BTCUSDT
2025-09-30 21:37:38.157,114380.5,0.009,BTCUSDT
2025-09-30 21:37:38.157,114380.5,0.174,BTCUSDT
2025-09-30 21:37:38.157,114380.5,0.029,BTCUSDT
2025-09-30 21:37:38.157,114380.5,0.145,BTCUSDT
2025-09-30 21:37:38.157,114380.5,0.002,BTCUSDT
2025-09-30 21:37:38.157,114380.5,0.002,BTCUSDT
2025-09-30 21:37:38.157,114380.5,0.001,BTCUSDT
2025-09-30 21:37:38.157,114380.6,0.001,BTCUSDT
2025-09-30 21:37:38.157,114380.6,0.001,BTCUSDT
2025-09-30 21:37:38.157,114380.7,0.001,BTCUSDT
2025-09-30 21:37:38.157,114381.3,0.002,BTCUSDT
2025-09-30 21:37:38.157,114381.5,0.041,BTCUSDT
2025-09-30 21:37:38.157,114381.6,0.002,BTCUSDT
2025-09-30 21:37:38.160,114382.0,0.002,BTCUSDT
2025-09-30 21:37:38.160,114382.6,0.002,BTCUSDT
2025-09-30 21:37:38.160,114382.8,0.001,BTCUSDT
2025-09-30 21:37:38.160,114383.3,0.002,BTCUSDT
2025-09-30 21:37:38.160,114383.7,0.027,BTCUSDT
2025-09-30 21:37:38.160,114383.8,0.003,BTCUSDT
2025-09-30 21:37:38.160,114383.9,0.002,BTCUSDT
2025-09-30 21:37:38.160,114383.9,0.001,BTCUSDT
2025-09-30 21:37:38.375,114384.4,0.049,BTCUSDT
2025-09-30 21:37:38.375,114384.4,0.002,BTCUSDT
2025-09-30 21:37:38.375,114384.4,0.009,BTCUSDT
2025-09-30 21:37:38.375,114384.4,0.002,BTCUSDT
2025-09-30 21:37:38.375,114384.4,0.001,BTCUSDT
2025-09-30 21:37:38.375,114384.5,0.002,BTCUSDT
2025-09-30 21:37:38.375,114384.5,0.001,BTCUSDT
2025-09-30 21:37:38.375,114384.5,0.001,BTCUSDT
2025-09-30 21:37:38.375,114385.1,0.002,BTCUSDT
2025-09-30 21:37:38.375,114385.7,0.002,BTCUSDT
2025-09-30 21:37:38.375,114385.7,0.004,BTCUSDT
2025-09-30 21:37:38.605,114385.7,0.004,BTCUSDT
2025-09-30 21:37:38.990,114385.6,0.003,BTCUSDT
2025-09-30 21:37:39.347,114385.7,0.069,BTCUSDT
2025-09-30 21:37:39.347,114385.7,0.002,BTCUSDT
2025-09-30 21:37:39.347,114385.7,0.004,BTCUSDT
2025-09-30 21:37:39.401,114385.7,0.008,BTCUSDT
2025-09-30 21:37:39.401,114385.7,0.013,BTCUSDT
2025-09-30 21:37:39.428,114385.7,0.057,BTCUSDT
2025-09-30 21:37:39.428,114385.7,0.001,BTCUSDT
2025-09-30 21:37:39.428,114385.7,0.005,BTCUSDT
2025-09-30 21:37:39.428,114385.7,0.023,BTCUSDT
2025-09-30 21:37:39.428,114385.7,0.001,BTCUSDT
2025-09-30 21:37:39.428,114385.8,0.001,BTCUSDT
2025-09-30 21:37:39.428,114385.8,0.001,BTCUSDT
2025-09-30 21:37:39.428,114385.9,0.073,BTCUSDT
2025-09-30 21:37:39.429,114385.9,0.001,BTCUSDT
2025-09-30 21:37:39.429,114386.1,0.002,BTCUSDT
2025-09-30 21:37:39.429,114386.2,0.001,BTCUSDT
2025-09-30 21:37:39.429,114386.5,0.002,BTCUSDT
2025-09-30 21:37:39.429,114386.6,0.035,BTCUSDT
2025-09-30 21:37:39.429,114387.1,0.002,BTCUSDT
2025-09-30 21:37:39.429,114387.2,0.001,BTCUSDT
2025-09-30 21:37:39.429,114387.3,0.001,BTCUSDT
2025-09-30 21:37:39.429,114387.6,0.001,BTCUSDT
2025-09-30 21:37:39.429,114387.7,0.002,BTCUSDT
2025-09-30 21:37:39.432,114388.3,0.002,BTCUSDT
2025-09-30 21:37:39.432,114388.3,0.001,BTCUSDT
2025-09-30 21:37:39.432,114388.6,0.001,BTCUSDT
2025-09-30 21:37:39.466,114388.7,0.018,BTCUSDT
2025-09-30 21:37:39.466,114388.7,0.29,BTCUSDT
2025-09-30 21:37:39.466,114388.7,0.002,BTCUSDT
2025-09-30 21:37:39.466,114388.7,0.006,BTCUSDT
2025-09-30 21:37:39.466,114388.7,0.002,BTCUSDT
2025-09-30 21:37:39.466,114388.9,0.002,BTCUSDT
2025-09-30 21:37:39.469,114389.6,0.001,BTCUSDT
2025-09-30 21:37:39.469,114389.8,0.002,BTCUSDT
2025-09-30 21:37:39.469,114389.8,0.001,BTCUSDT
2025-09-30 21:37:39.469,114389.9,0.001,BTCUSDT
2025-09-30 21:37:39.881,114390.0,0.001,BTCUSDT
2025-09-30 21:37:39.881,114390.0,0.013,BTCUSDT
2025-09-30 21:37:39.910,114389.9,0.002,BTCUSDT
2025-09-30 21:37:39.998,114389.9,0.003,BTCUSDT
2025-09-30 21:37:39.999,114390.0,0.006,BTCUSDT
2025-09-30 21:37:40.341,114390.0,0.074,BTCUSDT
2025-09-30 21:37:40.615,114390.0,0.001,BTCUSDT
2025-09-30 21:37:40.943,114389.9,0.007,BTCUSDT
2025-09-30 21:37:40.999,114389.9,0.001,BTCUSDT
2025-09-30 21:37:41.074,114390.0,0.299,BTCUSDT
2025-09-30 21:37:41.074,114390.0,0.006,BTCUSDT
2025-09-30 21:37:41.074,114390.0,0.002,BTCUSDT
2025-09-30 21:37:41.074,114390.0,0.218,BTCUSDT
2025-09-30 21:37:41.074,114390.0,0.001,BTCUSDT
2025-09-30 21:37:41.074,114390.0,0.041,BTCUSDT
2025-09-30 21:37:41.074,114390.0,0.002,BTCUSDT
2025-09-30 21:37:41.074,114390.0,0.498,BTCUSDT
2025-09-30 21:37:41.074,114390.0,0.002,BTCUSDT
2025-09-30 21:37:41.074,114390.1,0.001,BTCUSDT
2025-09-30 21:37:41.074,114390.1,0.001,BTCUSDT
2025-09-30 21:37:41.074,114390.4,0.002,BTCUSDT
2025-09-30 21:37:41.074,114390.6,0.001,BTCUSDT
2025-09-30 21:37:41.074,114391.2,0.002,BTCUSDT
2025-09-30 21:37:41.074,114391.6,0.002,BTCUSDT
2025-09-30 21:37:41.074,114391.9,0.002,BTCUSDT
2025-09-30 21:37:41.074,114391.9,0.002,BTCUSDT
2025-09-30 21:37:41.074,114392.0,0.002,BTCUSDT
2025-09-30 21:37:41.074,114392.0,0.04,BTCUSDT
2025-09-30 21:37:41.074,114392.1,0.002,BTCUSDT
2025-09-30 21:37:41.074,114392.4,0.001,BTCUSDT
2025-09-30 21:37:41.074,114392.6,0.002,BTCUSDT
2025-09-30 21:37:41.074,114392.6,0.002,BTCUSDT
2025-09-30 21:37:41.074,114392.7,0.002,BTCUSDT
2025-09-30 21:37:41.074,114393.0,0.001,BTCUSDT
2025-09-30 21:37:41.074,114393.2,0.002,BTCUSDT
2025-09-30 21:37:41.074,114393.3,0.001,BTCUSDT
2025-09-30 21:37:41.074,114393.5,0.001,BTCUSDT
2025-09-30 21:37:41.074,114393.6,0.002,BTCUSDT
2025-09-30 21:37:41.074,114393.8,0.002,BTCUSDT
2025-09-30 21:37:41.074,114394.0,0.001,BTCUSDT
2025-09-30 21:37:41.074,114394.0,0.008,BTCUSDT
2025-09-30 21:37:41.074,114394.3,0.001,BTCUSDT
2025-09-30 21:37:41.074,114394.4,0.002,BTCUSDT
2025-09-30 21:37:41.074,114394.8,0.001,BTCUSDT
2025-09-30 21:37:41.074,114395.0,0.004,BTCUSDT
2025-09-30 21:37:41.074,114395.0,0.002,BTCUSDT
2025-09-30 21:37:41.074,114395.0,0.001,BTCUSDT
2025-09-30 21:37:41.074,114395.1,0.007,BTCUSDT
2025-09-30 21:37:41.074,114395.6,0.023,BTCUSDT
2025-09-30 21:37:41.074,114395.6,0.002,BTCUSDT
2025-09-30 21:37:41.074,114395.7,0.041,BTCUSDT
2025-09-30 21:37:41.074,114396.2,0.002,BTCUSDT
2025-09-30 21:37:41.074,114396.3,0.001,BTCUSDT
2025-09-30 21:37:41.074,114396.4,0.02,BTCUSDT
2025-09-30 21:37:41.074,114396.4,0.001,BTCUSDT
2025-09-30 21:37:41.074,114396.8,0.002,BTCUSDT
2025-09-30 21:37:41.074,114396.8,0.047,BTCUSDT
2025-09-30 21:37:41.078,114396.8,0.027,BTCUSDT
2025-09-30 21:37:41.104,114396.8,0.002,BTCUSDT
2025-09-30 21:37:41.104,114396.8,0.015,BTCUSDT
2025-09-30 21:37:41.186,114396.7,0.001,BTCUSDT
2025-09-30 21:37:41.186,114396.7,0.001,BTCUSDT
2025-09-30 21:37:41.262,114396.8,0.075,BTCUSDT
2025-09-30 21:37:41.303,114396.7,0.003,BTCUSDT
2025-09-30 21:37:41.303,114396.7,0.259,BTCUSDT
2025-09-30 21:37:42.171,114396.7,0.002,BTCUSDT
2025-09-30 21:37:42.253,114396.7,0.001,BTCUSDT
2025-09-30 21:37:42.256,114396.8,0.075,BTCUSDT
2025-09-30 21:37:42.376,114396.8,0.011,BTCUSDT
2025-09-30 21:37:42.376,114396.8,0.011,BTCUSDT
2025-09-30 21:37:42.624,114396.8,0.001,BTCUSDT
2025-09-30 21:37:42.841,114396.7,0.015,BTCUSDT
2025-09-30 21:37:43.023,114396.8,0.166,BTCUSDT
2025-09-30 21:37:43.023,114396.8,0.691,BTCUSDT
2025-09-30 21:37:43.023,114396.8,0.009,BTCUSDT
2025-09-30 21:37:43.023,114396.8,0.297,BTCUSDT
2025-09-30 21:37:43.023,114396.8,0.019,BTCUSDT
2025-09-30 21:37:43.023,114396.8,0.295,BTCUSDT
2025-09-30 21:37:43.023,114396.8,0.403,BTCUSDT
2025-09-30 21:37:43.023,114396.8,0.2,BTCUSDT
2025-09-30 21:37:43.023,114396.8,0.069,BTCUSDT
2025-09-30 21:37:43.036,114396.8,0.018,BTCUSDT
2025-09-30 21:37:43.036,114396.8,0.002,BTCUSDT
2025-09-30 21:37:43.036,114396.8,0.001,BTCUSDT
2025-09-30 21:37:43.036,114396.8,0.013,BTCUSDT
2025-09-30 21:37:43.036,114396.8,0.001,BTCUSDT
2025-09-30 21:37:43.036,114396.8,0.002,BTCUSDT
2025-09-30 21:37:43.036,114396.8,0.616,BTCUSDT
2025-09-30 21:37:43.036,114396.8,0.002,BTCUSDT
2025-09-30 21:37:43.036,114396.8,0.2,BTCUSDT
2025-09-30 21:37:43.036,114396.8,0.297,BTCUSDT
2025-09-30 21:37:43.036,114396.8,0.028,BTCUSDT
2025-09-30 21:37:43.036,114396.8,0.079,BTCUSDT
2025-09-30 21:37:43.083,114396.8,0.002,BTCUSDT
2025-09-30 21:37:43.083,114396.9,0.001,BTCUSDT
2025-09-30 21:37:43.083,114396.9,0.001,BTCUSDT
2025-09-30 21:37:43.083,114397.3,0.001,BTCUSDT
2025-09-30 21:37:43.083,114397.4,0.002,BTCUSDT
2025-09-30 21:37:43.083,114398.0,0.001,BTCUSDT
2025-09-30 21:37:43.083,114398.0,0.002,BTCUSDT
2025-09-30 21:37:43.083,114398.2,0.003,BTCUSDT
2025-09-30 21:37:43.083,114398.6,0.002,BTCUSDT
2025-09-30 21:37:43.083,114398.9,0.002,BTCUSDT
2025-09-30 21:37:43.083,114399.0,0.001,BTCUSDT
2025-09-30 21:37:43.083,114399.1,0.002,BTCUSDT
2025-09-30 21:37:43.083,114399.2,0.002,BTCUSDT
2025-09-30 21:37:43.083,114399.8,0.001,BTCUSDT
2025-09-30 21:37:43.083,114399.8,0.002,BTCUSDT
2025-09-30 21:37:43.083,114399.9,0.001,BTCUSDT
